<?xml version="1.0" encoding="UTF-8"?><collection xmlns="http://www.loc.gov/MARC21/slim"><record><leader>00525nam--2200193-u-4500</leader><controlfield tag="001">000053794</controlfield><controlfield tag="002">20161230</controlfield><controlfield tag="005">20161230201051</controlfield><controlfield tag="008">110621s1000------------r-----000-0-rus-d</controlfield><datafield ind1=" " ind2=" " tag="040"><subfield code="a">IFIN-HH</subfield></datafield><datafield ind1=" " ind2=" " tag="041"><subfield code="a">rus</subfield></datafield><datafield ind1=" " ind2=" " tag="080"><subfield code="a">537.312.62:621.318.2</subfield></datafield><datafield ind1="1" ind2=" " tag="100"><subfield code="a">Brechna, H</subfield></datafield><datafield ind1="1" ind2="0" tag="245"><subfield code="a">Sverhprovodiasie magnitnie sistemi</subfield><subfield code="c">H. brechna</subfield></datafield><datafield ind1=" " ind2=" " tag="260"><subfield code="a">Moskva</subfield><subfield code="b">Mir</subfield><subfield code="c">1976</subfield></datafield><datafield ind1=" " ind2=" " tag="300"><subfield code="a">704P</subfield></datafield><datafield ind1=" " ind2=" " tag="500"><subfield code="a">Titlul Original In Limba Engleza: Superconducting Magnet Systems</subfield></datafield><datafield ind1=" " ind2=" " tag="852"><subfield code="a">44257</subfield><subfield code="c">537:538</subfield></datafield><datafield ind1=" " ind2=" " tag="CAT"><subfield code="a">Sys</subfield><subfield code="c">20110621</subfield><subfield code="h">150133</subfield></datafield></record></collection>